
@Article{delaguila2016,
author="del {\'A}guila, Isabel M.
and del Sagrado, Jos{\'e}",
title="Bayesian networks for enhancement of requirements engineering: a literature review",
journal="Requirements Engineering",
year="2016",
month="Nov",
day="01",
volume="21",
number="4",
pages="461--480",
doi="10.1007/s00766-015-0225-3",
}


@misc{alba2009,
  title={Redacci{\'o}n de documentos cient{\'\i}ficos},
  author={Alba, Enrique},
  journal={Universidad de M{\'a}laga},
  year={2009},
  howpublished = "Recuperado  20 Enero 2020 {http://www.lcc.uma.es/Eeat/pdf/rdc(E.Alba).pdf}",
  urldate = {20-01-2020},
}


@misc{alicante,
  title={Libro de Estilo para la presentación de memorias del TrabajoFindeGrado/Máster},
  author={Universidad de Alicante},
  year={2020},
  howpublished = "Recuperado  20 Enero 2020 {https://eps.ua.es/es/ingenieria-informatica/documentos/tfg/libro-de-estilo.pdf}",
  urldate = {20-01-2020}
}


@techreport{basili1992,
  title={Software modeling and measurement: the Goal/Question/Metric paradigm. CS-TR-2956, UMIACS-TR-92-96},
  author={Basili, Victor R},
  volume = {September},
 institution={University of Maryland},
  year={1992}
}


@phdthesis{benito2014,
  author       = {Ana Benito Justel}, 
  title        = {Estudio de una década de intoxicaciones infantiles en un hospital terciario},
  school       = {Universidad de Valladolid},
  year         = 2014,
  address      = {Facultad de Medicina de la Universidad de Valladolid},
  month        = 12,
  note         = {An optional note}
}

@inbook{Berander2005,
address = {Berlin, Heidelberg},
author = {Berander, Patrik and Andrews, Anneliese},
booktitle = {Engineering and Managing Software Requirements},
pages = {69--94},
publisher = {Springer Berlin Heidelberg},
title = {{Requirements Prioritization}},
doi= {https://doi.org/10.1007/3-540-28244-0{\_}4},
year = {2005}
}

@book{SWEBOK2014,
  address = {Los Alamitos, CA},
  editor = {Bourque, Pierre and Fairley, Richard E.},
  isbn = {978-0-7695-5166-1},
  publisher = {IEEE Computer Society},
  title = {{SWEBOK}: Guide to the Software Engineering Body of Knowledge},
  year = 2014,
}


@inproceedings{franch2016,
  title={Software release planning},
  author={Franch, Xavier and Ruhe, Guenther},
  booktitle={Proceedings of the 38th International Conference on Software Engineering Companion},
  pages={894--895},
  year={2016},
   doi={10.1145/2889160.2891051},
}

@misc{wiki,
  title={LATEX},
  author={Wikipedia},
  year={2020},
  howpublished = "Recuperado  20 Enero 2020 {https://es.wikipedia.org/wiki/LaTeX}",
  urldate = {20-01-2020}
}

@article{kitchenham2009systematic,
  title={Systematic literature reviews in software engineering--a systematic literature review},
  author={Kitchenham, Barbara and Brereton, O Pearl and Budgen, David and Turner, Mark and Bailey, John and Linkman, Stephen},
  journal={Information and software technology},
  volume={51},
  number={1},
  pages={7--15},
  year={2009},
  publisher={Elsevier}
}

@article{kitchenham_2013,
title = "A systematic review of systematic review process research in software engineering ",
journal = "Information and Software Technology ",
volume = "55",
number = "12",
pages = "2049 - 2075",
year = "2013",
note = "",
issn = "0950-5849",
doi = "http://dx.doi.org/10.1016/j.infsof.2013.07.010",
author = "Barbara Kitchenham and Pearl Brereton",
}



@misc{malaga,
  title={Breves notas de estilo para la redacción de Proyectos Fin de Carreray Trabajos Fin de Grado},
  author={Universidad de M{\'a}laga},
  year={2013},
  howpublished = "Recuperado  20 Enero 2020 {https://www.uma.es/media/files/Manual\_de\_Estilo\_TFG\_ETSIT.pdf}",
  urldate = {20-01-2020}
}


@book{wiegers2013,
  title={Software Requirements, 3e},
  author={Wiegers, Karl and Beatty, Joy},
  year={2013},
  publisher={Microsoft Press}
}

