
@misc{ionos2024lowcode,
author = {IONOS},
title = {Low Code vs No Code},
year = {2024},
howpublished = {\url{https://www.ionos.es/digitalguide/paginas-web/desarrollo-web/low-code-vs-no-code/}}
}

@misc{joinsecret2024airtable,
author = {Join Secret},
title = {Airtable vs Smartsheet},
year = {2024},
howpublished = {\url{https://www.joinsecret.com/compare/airtable-vs-smartsheet}}
}

@misc{lodos2024notion,
author = {Sara Lodos},
title = {Notion vs Airtable: ¿Cuál es la mejor para ti?},
year = {2024},
howpublished = {\url{https://saralodos.com/notion-vs-airtable-cual-es-la-mejor-para-ti/}}
}

@misc{back4app2024firebase,
author = {Back4App},
title = {Firebase vs Airtable},
year = {2024},
howpublished = {\url{https://blog.back4app.com/firebase-vs-airtable/}}
}

@misc{studocu2024tradicionales,
author = {Studocu 1},
title = {Cuadro Comparativo de Metodologías Tradicionales},
year = {2024},
howpublished = {\url{https://www.studocu.com/es-mx/document/universidad-del-valle-de-mexico/modelos-y-metodos-de-desarrollo-de-software/actividad-1-cuadro-comparativo/111121564}}
}

@misc{studocu2024agiles,
author = {Studocu 2},
title = {Cuadro Comparativo Metodologías Ágiles},
year = {2024},
howpublished = {\url{https://www.studocu.com/es-mx/document/instituto-tecnologico-de-pachuca/ingenieria-de-software/cuadro-comparativo-metodologias-agiles/23713846}}
}

@misc{scribd2024arquitectura,
author = {Scribd},
title = {Cuadro Comparativo de Arquitectura de Software},
year = {2024},
howpublished = {\url{https://es.scribd.com/document/587262812/Cuadro-Comparativo-de-Arquitectura-de-Software-1}}
}

@misc{atlassian2024devops,
author = {Atlassian},
title = {Agile vs DevOps},
year = {2024},
howpublished = {\url{https://www.atlassian.com/es/devops/what-is-devops/agile-vs-devops}}
}

@misc{hiberus2024angular,
author = {Hiberus},
title = {Angular vs React vs Vue},
year = {2024},
howpublished = {\url{https://www.hiberus.com/crecemos-contigo/angular-vs-react-vs-vue/}}
}

@misc{back4app2024backend,
author = {Back4App},
title = {Los mejores marcos de Backend en 2025},
year = {2024},
howpublished = {\url{https://blog.back4app.com/es/los-mejores-marcos-de-backend-en-2025/}}
}

@misc{ionos2024postgresql,
author = {IONOS 1},
title = {PostgreSQL vs MySQL},
year = {2024},
howpublished = {\url{https://www.ionos.es/digitalguide/servidores/know-how/postgresql-vs-mysql/}}
}

@misc{ionos2024sheets,
author = {IONOS 2},
title = {Google Sheets vs Excel},
year = {2024},
howpublished = {\url{https://www.ionos.es/digitalguide/online-marketing/vender-en-internet/google-sheets-vs-excel/}}
}

@misc{appmaster2024inmobiliarias,
author = {AppMaster},
title = {Las 10 principales ideas sobre aplicaciones inmobiliarias para crear tu propia aplicación},
year = {2024},
howpublished = {\url{https://appmaster.io/es/blog/las-10-principales-ideas-sobre-aplicaciones-inmobiliarias-para-crear-tu-propia-aplicacion}}
}

@misc{cano2024api,
author = {Inmobiliaria Cano},
title = {API Inmobiliaria Cano},
year = {2024},
howpublished = {\url{https://api.inmobiliariacano.es}}
}

@misc{angular2024overview,
author = {Angular},
title = {Overview},
year = {2024},
howpublished = {\url{https://angular.dev/overview}}
}

@misc{angular2024material,
  author = {Angular Material},
  title = {Angular Material Documentation},
  year = {2024},
  howpublished = {\url{https://material.angular.dev}}
}

@misc{bootstrap2024docs,
  author = {Bootstrap},
  title = {Bootstrap Documentation},
  year = {2024},
  howpublished = {\url{https://getbootstrap.com/docs}}
}

@misc{laravel2024docs,
author = {Laravel},
title = {Documentación Oficial},
year = {2024},
howpublished = {\url{https://laravel.com/docs}}
}

@misc{airtable2024basics,
author = {Airtable 1},
title = {Introduction to Airtable Basics},
year = {2024},
howpublished = {\url{https://support.airtable.com/docs/introduction-to-airtable-basics}}
}

@misc{airtable2024developers,
author = {Airtable 2},
title = {Airtable Developers},
year = {2024},
howpublished = {\url{https://airtable.com/developers}}
}

@misc{airtable2024support,
author = {Airtable 3},
title = {Support Airtable},
year = {2024},
howpublished = {\url{https://support.airtable.com/}}
}

@book{learningairtable2023,
author = {McMillan, Elliott and Rowell, Tom},
title = {Learning Airtable: Building Database-Driven Applications with No-Code},
year = {2023},
publisher = {O'Reilly Media},
isbn = {978-1098138704}
}

@misc{docker2024docs,
author = {Docker},
title = {Documentación oficial},
year = {2024},
howpublished = {\url{https://docs.docker.com/}}
}

@misc{vercel2024docs,
author = {Vercel},
title = {Documentación oficial},
year = {2024},
howpublished = {\url{https://vercel.com/docs}}
}

@misc{render2024docs,
author = {Render},
title = {Documentación oficial},
year = {2024},
howpublished = {\url{https://render.com/docs}}
}

@misc{figma2024help,
author = {Figma},
title = {Help Center},
year = {2024},
howpublished = {\url{https://help.figma.com/hc/es-es}}
}

@misc{overleaf2024learn,
author = {Overleaf},
title = {Documentación oficial},
year = {2024},
howpublished = {\url{https://es.overleaf.com/learn}}
}

@misc{github2024docs,
author = {GitHub},
title = {Documentación oficial},
year = {2024},
howpublished = {\url{https://docs.github.com/es}}
}

@misc{npm2024docs,
author = {npm},
title = {Documentación oficial},
year = {2024},
howpublished = {\url{https://docs.npmjs.com/}}
}

@misc{composer2024docs,
author = {Composer},
title = {Documentación oficial},
year = {2024},
howpublished = {\url{https://getcomposer.org/doc/}}
}

@book{lasa2021agiles,
author = {Lasa Gómez, Carmen and Álvarez García, Alonso and de las Heras del Dedo, Rafael},
title = {Métodos Ágiles. Scrum, Kanban, Lean},
year = {2021},
publisher = {RA-MA Editorial},
isbn = {978-8417902753}
}

@book{cascales2017latex,
author = {Cascales Salinas, Bernardo},
title = {El libro de LaTeX},
year = {2017},
publisher = {Editorial Club Universitario},
isbn = {978-8499486812}
}








@Article{delaguila2016,
author="del {\'A}guila, Isabel M.
and del Sagrado, Jos{\'e}",
title="Bayesian networks for enhancement of requirements engineering: a literature review",
journal="Requirements Engineering",
year="2016",
month="Nov",
day="01",
volume="21",
number="4",
pages="461--480",
doi="10.1007/s00766-015-0225-3",
}


@misc{alba2009,
  title={Redacci{\'o}n de documentos cient{\'\i}ficos},
  author={Alba, Enrique},
  journal={Universidad de M{\'a}laga},
  year={2009},
  howpublished = "Recuperado  20 Enero 2020 {http://www.lcc.uma.es/Eeat/pdf/rdc(E.Alba).pdf}",
  urldate = {20-01-2020},
}


@misc{alicante,
  title={Libro de Estilo para la presentación de memorias del TrabajoFindeGrado/Máster},
  author={Universidad de Alicante},
  year={2020},
  howpublished = "Recuperado  20 Enero 2020 {https://eps.ua.es/es/ingenieria-informatica/documentos/tfg/libro-de-estilo.pdf}",
  urldate = {20-01-2020}
}


@techreport{basili1992,
  title={Software modeling and measurement: the Goal/Question/Metric paradigm. CS-TR-2956, UMIACS-TR-92-96},
  author={Basili, Victor R},
  volume = {September},
 institution={University of Maryland},
  year={1992}
}


@phdthesis{benito2014,
  author       = {Ana Benito Justel}, 
  title        = {Estudio de una década de intoxicaciones infantiles en un hospital terciario},
  school       = {Universidad de Valladolid},
  year         = 2014,
  address      = {Facultad de Medicina de la Universidad de Valladolid},
  month        = 12,
  note         = {An optional note}
}

@inbook{Berander2005,
address = {Berlin, Heidelberg},
author = {Berander, Patrik and Andrews, Anneliese},
booktitle = {Engineering and Managing Software Requirements},
pages = {69--94},
publisher = {Springer Berlin Heidelberg},
title = {{Requirements Prioritization}},
doi= {https://doi.org/10.1007/3-540-28244-0{\_}4},
year = {2005}
}

@book{SWEBOK2014,
  address = {Los Alamitos, CA},
  editor = {Bourque, Pierre and Fairley, Richard E.},
  isbn = {978-0-7695-5166-1},
  publisher = {IEEE Computer Society},
  title = {{SWEBOK}: Guide to the Software Engineering Body of Knowledge},
  year = 2014,
}


@inproceedings{franch2016,
  title={Software release planning},
  author={Franch, Xavier and Ruhe, Guenther},
  booktitle={Proceedings of the 38th International Conference on Software Engineering Companion},
  pages={894--895},
  year={2016},
   doi={10.1145/2889160.2891051},
}

@misc{wiki,
  title={LATEX},
  author={Wikipedia},
  year={2020},
  howpublished = "Recuperado  20 Enero 2020 {https://es.wikipedia.org/wiki/LaTeX}",
  urldate = {20-01-2020}
}

@article{kitchenham2009systematic,
  title={Systematic literature reviews in software engineering--a systematic literature review},
  author={Kitchenham, Barbara and Brereton, O Pearl and Budgen, David and Turner, Mark and Bailey, John and Linkman, Stephen},
  journal={Information and software technology},
  volume={51},
  number={1},
  pages={7--15},
  year={2009},
  publisher={Elsevier}
}

@article{kitchenham_2013,
title = "A systematic review of systematic review process research in software engineering ",
journal = "Information and Software Technology ",
volume = "55",
number = "12",
pages = "2049 - 2075",
year = "2013",
note = "",
issn = "0950-5849",
doi = "http://dx.doi.org/10.1016/j.infsof.2013.07.010",
author = "Barbara Kitchenham and Pearl Brereton",
}



@misc{malaga,
  title={Breves notas de estilo para la redacción de Proyectos Fin de Carreray Trabajos Fin de Grado},
  author={Universidad de M{\'a}laga},
  year={2013},
  howpublished = "Recuperado  20 Enero 2020 {https://www.uma.es/media/files/Manual\_de\_Estilo\_TFG\_ETSIT.pdf}",
  urldate = {20-01-2020}
}


@book{wiegers2013,
  title={Software Requirements, 3e},
  author={Wiegers, Karl and Beatty, Joy},
  year={2013},
  publisher={Microsoft Press}
}

